
@misc{SMtable,
      title= "File:Standard Model of Elementary Particles Anti.svg - Wikimedia Commons",
      url= "{https://commons.wikimedia.org/w/index.php?curid=73606545}",
      journal={File:Standard Model of Elementary Particles Anti.svg - Wikimedia Commons},
      author={Cush},
      year={2018},
      //month={Oct},
}

% Higgs
@article{ATLAS:2012yve,
    author = "Aad, Georges and others",
    collaboration = "ATLAS",
    title = "{Observation of a new particle in the search for the Standard Model Higgs boson with the ATLAS detector at the LHC}",
    eprint = "1207.7214",
    archivePrefix = "arXiv",
    primaryClass = "hep-ex",
    reportNumber = "CERN-PH-EP-2012-218",
    doi = "10.1016/j.physletb.2012.08.020",
    journal = "Phys. Lett. B",
    volume = "716",
    pages = "1",
    year = "2012"
}
@article{CMS:2012qbp,
    author = "Chatrchyan, Serguei and others",
    collaboration = "CMS",
    title = "{Observation of a New Boson at a Mass of 125 GeV with the CMS Experiment at the LHC}",
    eprint = "1207.7235",
    archivePrefix = "arXiv",
    primaryClass = "hep-ex",
    reportNumber = "CMS-HIG-12-028, CERN-PH-EP-2012-220",
    doi = "10.1016/j.physletb.2012.08.021",
    journal = "Phys. Lett. B",
    volume = "716",
    pages = "30",
    year = "2012"
}
@article{CMS:2013btf,
    author = "Chatrchyan, Serguei and others",
    collaboration = "CMS",
    title = "{Observation of a New Boson with Mass Near 125 GeV in $pp$ Collisions at $\sqrt{s} = 7$ and 8 TeV}",
    eprint = "1303.4571",
    archivePrefix = "arXiv",
    primaryClass = "hep-ex",
    reportNumber = "CMS-HIG-12-036, CERN-PH-EP-2013-035",
    doi = "10.1007/JHEP06(2013)081",
    journal = "JHEP",
    volume = "06",
    pages = "081",
    year = "2013"
}

% CMS
@article{CMS,
    author = "Chatrchyan, Serguei and others",
    collaboration = "CMS",
    title = "The {CMS} experiment at the {CERN} {LHC}",
    doi = "10.1088/1748-0221/3/08/S08004",
    journal = "JINST",
    volume = "3",
    pages = "S08004",
    year = "2008"
}
@article{CMS:2023gfb,
    author = "Hayrapetyan, Aram and others",
    collaboration = "CMS",
    title = "{Development of the CMS detector for the CERN LHC Run 3}",
    eprint = "2309.05466",
    archivePrefix = "arXiv",
    primaryClass = "physics.ins-det",
    reportNumber = "CMS-PRF-21-001, CERN-EP-2023-136",
    doi = "10.1088/1748-0221/19/05/P05064",
    journal = "JINST",
    volume = "19",
    number = "05",
    pages = "P05064",
    year = "2024"
}



@inproceedings
{
	fake1,
	author = {Malcolm Reynolds and Inara Serra},
	title = {A new framework for leasing and respectability},
	year = {2517},
	pages = {42--51},
	booktitle = {Control Theory},
	publisher = {Allied Symposia},
}

@inproceedings
{
	fake2,
	author = {Malcolm Reynolds and Inara Serra},
	title = {A new framework for leasing and respectability},
	year = {2517},
	pages = {42--51},
	booktitle = {Control Theory},
	publisher = {Allied Symposia},
}

@inproceedings
{
	fake3,
	author = {Malcolm Reynolds and Inara Serra},
	title = {A new framework for leasing and respectability},
	year = {2517},
	pages = {42--51},
	booktitle = {Control Theory},
	publisher = {Allied Symposia},
}